<record><leader>00000cas a22000007a 4500</leader><controlfield tag="001">20504735</controlfield><controlfield tag="008">891018c19uu9999gauwn ne      0   a0eng d</controlfield><datafield ind1=" " ind2=" " tag="010"><subfield code="a">sn 89002784 </subfield></datafield><datafield ind1=" " ind2=" " tag="040"><subfield code="a">NSD</subfield><subfield code="b">eng</subfield><subfield code="c">NSD</subfield><subfield code="d">OCLCQ</subfield></datafield><datafield ind1=" " ind2=" " tag="012"><subfield code="l">a</subfield><subfield code="m">X</subfield></datafield><datafield ind1="1" ind2=" " tag="022"><subfield code="a">1046-7181</subfield><subfield code="l">1046-7181</subfield><subfield code="2">1</subfield></datafield><datafield ind1=" " ind2=" " tag="037"><subfield code="b">Savannah Morning News, Savannah Evening Press, 5 Whitaker St., Savannah, GA 31401</subfield></datafield><datafield ind1=" " ind2=" " tag="042"><subfield code="a">nsdp</subfield><subfield code="a">msc</subfield></datafield><datafield ind1="0" ind2=" " tag="130"><subfield code="a">Savannah morning news, Savannah evening press (Home ed.)</subfield></datafield><datafield ind1=" " ind2="0" tag="222"><subfield code="a">Savannah morning news, Savannah evening press</subfield><subfield code="b">(Home ed.)</subfield></datafield><datafield ind1="1" ind2="0" tag="245"><subfield code="a">Savannah morning news, Savannah evening press.</subfield></datafield><datafield ind1="1" ind2="3" tag="246"><subfield code="a">Savannah morning news</subfield></datafield><datafield ind1="1" ind2="7" tag="246"><subfield code="a">Savannah news-press</subfield></datafield><datafield ind1=" " ind2=" " tag="250"><subfield code="a">Home ed.</subfield></datafield><datafield ind1=" " ind2=" " tag="260"><subfield code="a">Savannah, Ga. :</subfield><subfield code="b">[s.n.]</subfield></datafield><datafield ind1=" " ind2=" " tag="300"><subfield code="a">v.</subfield></datafield><datafield ind1=" " ind2=" " tag="310"><subfield code="a">Weekly, Sat., Sun. &amp; holidays</subfield></datafield><datafield ind1=" " ind2=" " tag="588"><subfield code="a">Description based on: Vol. 24, issue 72 (Saturday, Sept. 16, 1989).</subfield></datafield><datafield ind1=" " ind2=" " tag="752"><subfield code="a">United States</subfield><subfield code="b">Georgia</subfield><subfield code="c">Chatham</subfield><subfield code="d">Savannah.</subfield></datafield><datafield ind1="0" ind2=" " tag="775"><subfield code="t">Savannah morning news, Savannah evening press (Coastal empire ed.)</subfield><subfield code="x">8750-8273</subfield><subfield code="w">(DLC)sn 85009790</subfield><subfield code="w">(OCoLC)11856954</subfield></datafield><datafield ind1="0" ind2=" " tag="775"><subfield code="t">Savannah morning news, Savannah evening press (Palmetto ed.)</subfield></datafield></record>